% Seznam použité literatury (rozděleno po kapitolách)

% KAPITOLA 2 - GENETICKÉ PROGRAMOVÁNÍ

@BOOK{Brameier1998,
    author={Koza, John R.},
    title={Genetic programming: on the programming of computers by means of natural selection},
    howpublished={online},
    edition={6},
    address={Boston, MA},
    publisher={Massachusetts Institute of Technology},
    year={1998},
    cited={2023-05-01},
    pages={17--190},
    isbn={0-262-11170-5},
    url={https://doc.lagout.org/science/Artificial\%20Intelligence/Evolutionary\%20computation/Genetic\%20programming\%20Complex\%20adaptive\%20systems\%20-\%20Koza\%20J.R..pdf},
}

@ARTICLE{Koza:2010:GPEM,
    author={Koza, John R.},
    title={Human-competitive results produced by genetic programming},
    journal={Genetic Programming and Evolvable Machines},
    howpublished={online},   
    volume={11},
    day={25},
    month={5},
    year={2010},
    pages={251--284},
    revised={revidováno 17. 4. 2010},
    cited={2023-05-01},
    doi={10.1.1.297.6227},
    issn={1389-2576},
    url={http://www.genetic-programming.com/GPEM2010article.pdf},
}

@INBOOK{CGP,
    author={Miller, Julian F.},
    editor={Miller, Julian F.},
    title={Cartesian Genetic Programming},
    bookTitle={Cartesian Genetic Programming},
    day={18},
    howpublished={online},
    month={9},
    year={2011},
    edition={1},
    publisher={Springer Berlin Heidelberg},
    address={Berlin, Heidelberg},
    pages={17--34},
    isbn={978-3-642-17310-3},
    doi={10.1007/978-3-642-17310-3\_2},
    cited={2023-04-28},
    url={https://doi.org/10.1007/978-3-642-17310-3_2}
}

@INPROCEEDINGS{SBGP,
    author={Tim Perkis},
    title={Stack-Based Genetic Programming},
    booktitle={Proceedings of the 1994 IEEE World Congress on Computational Intelligence},
    year={1994},
    month={7},
    howpublished={online},
    pages = {148-153 vol.1},
    publisher={IEEE Press},
    volume={1},
    address={Orlando, Florida, USA},
    isbn={0-7803-1899-4}, 
    cited={2023-04-28},
    URL={https://www.perkis.com/_site/writings/trp_stackGP.pdf},
}

@INBOOK{GenProg,
    author={Langdon, William B. and Poli, Riccardo and McPhee, Nicholas F. and Koza, John R.},
    editor={Fulcher, John and Jain, L. C.},
    title={Genetic Programming: An Introduction and Tutorial, with a Survey of Techniques and Applications},
    bookTitle={Computational Intelligence: A Compendium},
    year={2008},
    howpublished={online},
    edition={1},
    publisher={Springer Berlin Heidelberg},
    address={Berlin, Heidelberg},
    pages={927--1028},
    isbn={978-3-540-78293-3},
    doi={10.1007/978-3-540-78293-3\_22},
    cited={2023-04-28},
    url={https://doi.org/10.1007/978-3-540-78293-3_22},
}

@ARTICLE{gptrends,
    author={W. Banzhaf and J.R. Koza and C. Ryan and L. Spector and C. Jacob},
    journal={IEEE Intelligent Systems},
    title={Genetic Programming},
    year={2000},
    volume={15},
    number={03},
    howpublished={online},
    issn={1941-1294},
    edition={1},
    pages={74-84},
    doi={10.1109/MIS.2000.10011},
    publisher={IEEE Computer Society},
    address={Los Alamitos, CA, USA},
    month={5},
    cited={2023-04-20},
    url={http://www.cs.nott.ac.uk/~pszgxk/courses/g5baim/papers/gp-001.pdf},
}

@MISC{wiki:Genetic_programming,
   author={Wikipedia},
   monht={3},
   title={Genetic programming --- Wikipedia, The Free Encyclopedia},
   year={2023},
   howpublished={online},
   url={http://en.wikipedia.org/w/index.php?title=Genetic\%20programming&oldid=1145771317},
   cited={2023-04-05}
 }

@INBOOK {NatSelectionGP,
    author={William B. Langdon and Adil Qureshi},
    title={Genetic Programming –- Computers using “Natural Selection” to generate programs},
    organization={Dept of Computer Science, University College London},
    howpublished={online},
    url={http://www0.cs.ucl.ac.uk/staff/W.Langdon/ftp/papers/surveyRN76.pdf},
    year={1998},
    publisher={Springer US},
    pages={9--42},
    cited={2023-05-05}
}

@BOOK{eiben-2015B,
    series={Natural Computing Series},
    publisher={Springer Berlin / Heidelberg},
    isbn={3662448734},
    year={2015},
    edition={1},
    title={Introduction to Evolutionary Computing},
    language={eng},
    address={Berlin, Heidelberg},
    author={Eiben, A. E and Smith, James E},
},

@MISC{EvoFitLectures,
    author={Michal Bidlo},
    howpublished={online},
    title={Aplikované evoluční algoritmy - přednáškové materiály},
    url={https://www.vut.cz/studis/student.phtml?gm=gm_detail_predmetu&apid=244801},
    organization={FIT VUT},
    year={2023}, 
    cited={2023-01-05},
}

@WEBPAGE{RecursionAndLooping, 
    author={Nikhil Bhargav},
    title={Baeldung},
    secondarytitle={Recursion and looping}, 
    journal={Baeldung on Computer Science},
    url={https://www.baeldung.com/cs/recursion-looping},   
    howpublished={online},
    day={1},
    month={8},
    year={2022}, 
    cited={2023-04-05}
} 

@INPROCEEDINGS{GAorGP,
      author={Woodward, J.R.},
      booktitle={The 2003 Congress on Evolutionary Computation, 2003. CEC '03.}, 
      title={GA or GP? That is not the question}, 
      year={2003},
      publisher={IEEE},
      volume={2},
      howpublished={online},
      number={},
      isbn={0-7803-7804-0},
      url={https://ieeexplore.ieee.org/document/1299785},
      pages={1056-1063 Vol.2},
      cited ={2023-04-10},
      doi={10.1109/CEC.2003.1299785}
}

% KAPITOLA 3 - LIENÁRNÍ GENETICKÉ PROGRAMOVÁNÍ

@BOOK{LGP,
    author={Brameier, Marcus},
    editor={Markus F. Brameier and Wolfgang Banzhaf},
    series={Genetic and evolutionary computation series},
    title={Linear genetic programming},
    publisher={Springer},
    edition={1},
    isbn={978-0387-31029-9},
    year={2007},
    language={eng},
    address={New York},
}

@ARTICLE{realtimefeedback,
    author={Passaggia, Pierre-Yves and Quansah, Asamaning and Mazellier, Nicolas and Maceda, Guy Y. Cornejo and Kourta, Azeddine},
    title="{Real-time feedback stall control of an airfoil at large Reynolds numbers using linear genetic programming}",
    journal={Physics of Fluids},
	howpublished={online},
    volume={34},
    number={4},
    year={2022},
    month={04},
    issn={1070-6631},
    doi={10.1063/5.0087874},
    cited ={2023-04-27},
    url={https://doi.org/10.1063/5.0087874},
    eprint={https://pubs.aip.org/aip/pof/article-pdf/doi/10.1063/5.0087874/16611877/045108\_1\_online.pdf},
}



% KAPITOLA 4 - APLIKACE GENETICKÉHO PROGRAMOVÁNÍ

@MISC{analog_digital_circuits, 
    author={S. M. Ashik Eftakhar and SK. Mahbub Habib and M. M. A. Hashem},
    title={Evolutionary Design of Digital Circuits Using Genetic Programming},
    address={Khulna, Bangladesh},
    organization={Khulna University of Engineering and Technology},
    howpublished={online},
    month={4},
    year={2013},
    url={https://arxiv.org/abs/1304.2467}, 
    cited ={2023-04-05},
}

@MISC{AutomaticBugFixing,
      author={Stephanie Forrest and ThanhVu Nguyen and Westley Weimer and Claire Le Goues},
      title={A Genetic Programming Approach to Automated Software Repair},
      howpublished={online},
      url={https://www.cs.cmu.edu/~clegoues/docs/legoues-gecco09.pdf},
      month={8},
      address={Montréal},
      year={2009},
      cited={2023-02-17},
}

@BOOK{ApplicationOfGP,
      author={Amir Hossein Gandomi and Amir Hossein Alavi and Conor Ryan},
      title={Handbook of Genetic Programming Applications},
      publisher={Springer International Publishing AG},
      year={2015},
      howpublished={online},
      edition={1st ed. 2015},
      copyright={Springer International Publishing Switzerland 2015},
      address={Cham},
      url={https://doi.org/10.1007/978-3-319-20883-1},
      doi={10.1007/978-3-319-20883-1},
      cited ={2023-03-10},
      isbn = {3319208829},
}

@INBOOK{GPTPXVIII,
        author={Hernandez, Jose Guadalupe
        and Lalejini, Alexander
        and Dolson, Emily},
        editor={Banzhaf, Wolfgang
        and Trujillo, Leonardo
        and Winkler, Stephan
        and Worzel, Bill},
        title={What Can Phylogenetic Metrics Tell us About Useful Diversity in Evolutionary Algorithms?},
        howpublished={online},
        bookTitle={Genetic Programming Theory and Practice XVIII},
        year={2022},
        publisher={Springer Nature Singapore},
        address={Singapore},
        pages={63--82},
        cited ={2023-03-20},
        isbn={978-981-16-8113-4},
        doi={10.1007/978-981-16-8113-4\_4},
        url={https://doi.org/10.1007/978-981-16-8113-4\_4}
}

% KAPITOLA 5 - IMPLEMENTACE

@WEBPAGE{payne_2022, 
    title={Benefits of python programming language}, 
    url={https://www.developer.com/languages/python/python-benefits/},
    journal={Developer.com},
    howpublished={online},
    publisher={Developer}, 
    author={Payne, James},
    year={2022}, 
    month={8},
    cited={2023-05-01},
} 

@MISC{Sipper2019tinyGP,
      author={Sipper, M.},
      title={Tiny Genetic Programming in Python},
      year={2019},
      publisher={GitHub},
      journal={GitHub repository},
      howpublished={online},
      url={https://github.com/moshesipper/tiny_gp},
      cited={2023-05-03},
}

% KAPITOLA 6 - EXPERIMENTY 

@MISC{galarnyk_2022, 
    title={Understanding Boxplots}, 
    url={https://builtin.com/data-science/boxplot}, 
    journal={Built In}, 
    author={Galarnyk, Michael}, 
    year={2022}, 
    month={8},
    howpublished={online},
    cited={2023-04-26},
} 

@TECHREPORT{rohlik, 
    author={{Rohlik Group}},
    title={Rohlik group speeds up delivery of purchases through Warehouse Automation}, 
    cited={2023-04-05},
    howpublished={online},
    url={https://www.rohlik.group/rohlik-group-speeds-delivery-purchases-through-warehouse-automation}, 
    journal={Rohlik Group speeds up delivery of purchases through warehouse automation | Rohlik Group},
    year={2022}
} 